@inproceedings{horsman2014does,
  title={When does a physical system compute?},
  author={Horsman, Clare and Stepney, Susan and Wagner, Rob C and Kendon, Viv},
  booktitle={Proc. R. Soc. A},
  volume={470},
  number={2169},
  pages={20140182},
  year={2014},
  organization={The Royal Society}
}

@article{shneiderman1977experimental,
  title={Experimental investigations of the utility of detailed flowcharts in programming},
  author={Shneiderman, Ben and Mayer, Richard and McKay, Don and Heller, Peter},
  journal={Communications of the ACM},
  volume={20},
  number={6},
  pages={373--381},
  year={1977},
  publisher={ACM}
}

@article{gilbert1988fast,
  title={A fast procedure for computing the distance between complex objects in three-dimensional space},
  author={Gilbert, Elmer G and Johnson, Daniel W and Keerthi, S Sathiya},
  journal={IEEE Journal on Robotics and Automation},
  volume={4},
  number={2},
  pages={193--203},
  year={1988},
  publisher={IEEE}
}

@article{dijkstra1968letters,
  title={Letters to the editor: go to statement considered harmful},
  author={Dijkstra, Edsger W},
  journal={Communications of the ACM},
  volume={11},
  number={3},
  pages={147--148},
  year={1968},
  publisher={ACM}
}

@article{dictionary2004oxford,
  title={Oxford English dictionary online},
  author={Dictionary, Oxford English},
  journal={Mount Royal College Lib., Calgary},
  volume={14},
  year={2004},
  publisher={Oxford Univ Press}
}

@book{russell2003artificial,
  title={Artificial intelligence: a modern approach},
  author={Russell, Stuart Jonathan and Norvig, Peter and Canny, John F and Malik, Jitendra M and Edwards, Douglas D},
  volume={2},
  year={2003},
  publisher={Prentice hall Upper Saddle River}
}

@book{negnevitsky2005artificial,
  title={Artificial intelligence: a guide to intelligent systems},
  author={Negnevitsky, Michael},
  year={2005},
  publisher={Pearson Education}
}

@article{hoefer2003causal,
  title={Causal determinism},
  author={Hoefer, Carl},
  year={2003}
}

@article{kenner1964causality,
  title={Causality, determinism and freedom of the will},
  author={Kenner, Lionel},
  journal={Philosophy},
  volume={39},
  number={149},
  pages={233--248},
  year={1964},
  publisher={Cambridge Univ Press}
}

@inproceedings{deutsch2015constructor,
  title={Constructor theory of information},
  author={Deutsch, David and Marletto, Chiara},
  booktitle={Proc. R. Soc. A},
  volume={471},
  number={2174},
  pages={20140540},
  year={2015},
  organization={The Royal Society}
}

@article{wang1986electromagnetic,
  title={Electromagnetic wave theory},
  author={Wang, Wei-Chih},
  year={1986}
}

@article{dienes1999grand,
  title={Grand unification at intermediate mass scales through extra dimensions},
  author={Dienes, Keith R and Dudas, Emilian and Gherghetta, Tony},
  journal={Nuclear Physics B},
  volume={537},
  number={1},
  pages={47--108},
  year={1999},
  publisher={Elsevier}
}

@article{pashby2012dirac,
  title={Dirac's Prediction of the Positron: A Case Study for the Current Realism Debate},
  author={Pashby, Thomas},
  journal={Perspectives on Science},
  volume={20},
  number={4},
  pages={440--475},
  year={2012},
  publisher={MIT Press}
}

@article{stepney2014local,
  title={Local and global models of physics and computation},
  author={Stepney, Susan},
  journal={International Journal of General Systems},
  volume={43},
  number={7},
  pages={673--681},
  year={2014},
  publisher={Taylor \& Francis}
}

@article{fisher2007executable,
  title={Executable cell biology},
  author={Fisher, Jasmin and Henzinger, Thomas A},
  journal={Nature biotechnology},
  volume={25},
  number={11},
  pages={1239--1249},
  year={2007},
  publisher={Nature Publishing Group}
}

@article{wing2008computational,
  title={Computational thinking and thinking about computing},
  author={Wing, Jeannette M},
  journal={Philosophical transactions of the royal society of London A: mathematical, physical and engineering sciences},
  volume={366},
  number={1881},
  pages={3717--3725},
  year={2008},
  publisher={The Royal Society}
}

@article{bechmann2011boolean,
  title={Boolean logic gate design principles in unconventional computers: an NMR case study},
  author={Bechmann, Matthias and Sebald, Angelika and Stepney, Susan},
  journal={arXiv preprint arXiv:1109.0918},
  year={2011}
}

@inproceedings{harding2004evolution,
  title={Evolution in materio: A tone discriminator in liquid crystal},
  author={Harding, Simon and Miller, Julian F},
  booktitle={Evolutionary Computation, 2004. CEC2004. Congress on},
  volume={2},
  pages={1800--1807},
  year={2004},
  organization={IEEE}
}

@article{jonoska2006theoretical,
  title={Theoretical and Experimental DNA Computation},
  author={Jonoska, Nata{\v{s}}a},
  journal={Genetic Programming and Evolvable Machines},
  volume={7},
  number={3},
  pages={287--291},
  year={2006},
  publisher={Springer}
}


@article{basili1986experimentation,
  title={Experimentation in software engineering},
  author={Basili, Victor R and Selby, Richard W and Hutchens, David H},
  journal={IEEE Transactions on software engineering},
  number={7},
  pages={733--743},
  year={1986},
  publisher={IEEE}
}

@article{brooks1980studying,
  title={Studying programmer behavior experimentally: the problems of proper methodology},
  author={Brooks, Ruven E},
  journal={Communications of the ACM},
  volume={23},
  number={4},
  pages={207--213},
  year={1980},
  publisher={ACM}
}

@article{boyles2014investigation,
  title={An Investigation of the Change in Motivation of Fifth-Grade Students on Writing Activities After Being Taught Computer Programming Using Similar Teaching Strategies},
  author={Boyles, Raymond E},
  year={2014}
}

@article{gill2004teaching,
  title={Teaching Flowcharting with FlowC},
  author={Gill, T Grandon},
  journal={Journal of Information Systems Education},
  volume={15},
  number={1},
  pages={65},
  year={2004},
  publisher={EDSIG}
}

@book{featherstone2014rigid,
  title={Rigid body dynamics algorithms},
  author={Featherstone, Roy},
  year={2014},
  publisher={Springer}
}

@inproceedings{seiler2008larrabee,
  title={Larrabee: a many-core x86 architecture for visual computing},
  author={Seiler, Larry and Carmean, Doug and Sprangle, Eric and Forsyth, Tom and Abrash, Michael and Dubey, Pradeep and Junkins, Stephen and Lake, Adam and Sugerman, Jeremy and Cavin, Robert and others},
  booktitle={ACM Transactions on Graphics (TOG)},
  volume={27},
  number={3},
  pages={18},
  year={2008},
  organization={ACM}
}

@inproceedings{cohen1995collide,
  title={I-COLLIDE: An interactive and exact collision detection system for large-scale environments},
  author={Cohen, Jonathan D and Lin, Ming C and Manocha, Dinesh and Ponamgi, Madhav},
  booktitle={Proceedings of the 1995 symposium on Interactive 3D graphics},
  pages={189--ff},
  year={1995},
  organization={ACM}
}

@article{saravanan2010evolutionary,
  title={Evolutionary trajectory planning for an industrial robot},
  author={Saravanan, R and Ramabalan, S and Balamurugan, C and Subash, A},
  journal={International Journal of Automation and Computing},
  volume={7},
  number={2},
  pages={190--198},
  year={2010},
  publisher={Springer}
}

@inproceedings{krejov2015combining,
  title={Combining discriminative and model based approaches for hand pose estimation},
  author={Krejov, Philip and Gilbert, Andrew and Bowden, Richard},
  booktitle={Automatic Face and Gesture Recognition (FG), 2015 11th IEEE International Conference and Workshops on},
  volume={1},
  pages={1--7},
  year={2015},
  organization={IEEE}
}

@book{meyer1988object,
  title={Object-oriented software construction},
  author={Meyer, Bertrand},
  volume={2},
  year={1988},
  publisher={Prentice hall New York}
}

@inproceedings{osterweil1987software,
  title={Software processes are software too},
  author={Osterweil, Leon},
  booktitle={Proceedings of the 9th international conference on Software Engineering},
  pages={2--13},
  year={1987},
  organization={IEEE Computer Society Press}
}

@inproceedings{mccracken1979revolution,
  title={Revolution in programming: an overview},
  author={McCracken, Daniel},
  booktitle={Classics in software engineering},
  pages={173--177},
  year={1979},
  organization={Yourdon Press}
}

@article{knuth1974structured,
  title={Structured Programming with go to Statements},
  author={Knuth, Donald E},
  journal={ACM Computing Surveys (CSUR)},
  volume={6},
  number={4},
  pages={261--301},
  year={1974},
  publisher={ACM}
}


